% -----------------------------------------------------------------------
% File: CogSci_Template.bib
% -----------------------------------------------------------------------

% Modified : Eli M. Silk (esilk at pitt.edu)            05/24/2005
% Modified : David Noelle (dnoelle at ucmerced.edu)     11/19/2014


@InProceedings{ChalnickBillman1988a,
  author =	 {A. Chalnick and D. Billman},
  title =	 {Unsupervised learning of correlational structure},
  booktitle =	 {Proceedings of the Tenth Annual Conference of the
                  Cognitive Science Society},
  pages =	 {510--516},
  year =	 1988,
  address =	 {Hillsdale, NJ},
  publisher =	 {Lawrence Erlbaum Associates}
}

@InCollection{Badwin2013,
  author =	 {D. Baldwin and K. Sage},
  title =	 {Dwelling on action},
  booktitle =	 {Social perception: Detection and interpretation of animacy, agency, and intention},
  publisher =	 {MIT Press},
  year =	 2013,
  editor =	 {M. Rutherford and V. Kuhlmeier},
  address =	 {Cambridge, MA}
}

@InCollection{Connor2013,
  author =	 {M. Connor and C. Fisher and D. Roth},
  title =	 {Starting from scratch in Semantic Role Labeling: Early indirect supervision},
  booktitle =	 {Cognitive aspects of computational language acquisition},
  publisher =	 {Springer},
  year =	 2013,
  editor =	 {T. Poibeau and A. Villavicencio and A. Korhonen and A. Alishahi},
  address =	 {Berlin}
}


@InCollection{Levin2011,
  author =	 {B. Levin and M. Rappaport Hovav},
  title =	 {Lexical Conceptual Structure},
  booktitle =	 {Semantics: An international handbook of natural language meaning I},
  publisher =	 {Mouton de Gruyter},
  year =	 2011,
  editor =	 {K. von Heusinger and C. Maienborn and P. Portner},
  address =	 {Berlin}
}

@InCollection{Tversky2013,
  author =	 {B. Tversky and J. M. Zacks},
  title =	 {Event perception},
  booktitle =	 {Oxford handbook of cognitive psychology},
  publisher =	 {Oxford University Press},
  year =	 2013,
  editor =	 {D. Riesberg},
  address =	 {Oxford, UK}
}

@InCollection{Bowerman1989,
  author =	 {M. Bowerman},
  title =	 {Learning a semantic system: What role do cognitive predispositions play?},
  booktitle =	 {The teachability of language},
  publisher =	 {Brooks},
  year =	 1989,
  editor =	 {M. L. Rice and R. L. Schiefelbusch},
  address =	 {Baltimore}
}

@Article{Gopnikinpress,
  author =	 {A. Gopnik and H. M. Wellman},
  title =	 {Reconstructing constructivism: Causal models, Bayesian learning mechanisms, and theory theory},
  journal =	 {Psychological Bulletin},
  year =	 "in press"
}

@Article{Goodman2011,
  author =	 {N. D. Goodman and T. Ullman and J. B. Tenenbaum},
  title =	 {Learning a theory of causality},
  journal =	 {Psychological Review},
  year =	 2011,
  volume =       118,
  pages =        {110-110}
}

@Article{Fisher2010,
  author =	 {C. Fisher and Y. Gertner and R. Scott and S. Yuan},
  title =	 {Syntactic bootstrapping},
  journal =	 {Wiley Interdisciplinary Reviews: Cognitive Science},
  year =	 2010,
  volume =       1,
  pages =        {143-149}
}

@Article{Wittengerg2014,
  author =	 {E. Wittenberg and J. Snedeker},
  title =	 {It takes two to kiss, but does it take three to give a kiss?},
  journal =	 {Language, Cognition, and Neuroscience},
  year =	 2014,
  volume =       29,
  pages =        {635-641}
}

@Article{Kao2014,
  author =	 {J. T. Kao and J. Wu and L. Bergen and N. D. Goodman},
  title =	 {Nonliteral understanding of number words},
  journal =	 {Proceedings of the National Academy of Sciences},
  year =	 2014,
  volume =       111,
  pages =        {12002-12007}
}


@Article{Piantadosiinpress,
  author =	 {S. T. Piantadosi and J. B. Tenenbaum and N. D. Goodman},
  title =	 {The logical primitives of thought: Empirical foundations for compositional cognitive modles},
  journal =	 {Psychological Review},
  year =	 "in press"
}


@Article{Ettinger,
  author =	 {J. Jara-Ettinger and H. Gweon and J. B. Tenenbaum and L. E. Schulz},
  title =	 {Children's understanding of the costs and rewards underlying rational action},
  journal =	 {Cognition},
  year =	 "in press"
}

@Article{Klineinpress,
  author =	 {M. Kline and J. Snedeker and L. E. Schulz},
  title =	 {Children's expectations about the meanings of transitive verbs are sensitive to spatiotemporal properties of causal scenes},
  year =	 "submitted"
}


@Article{Battaglia2013,
  author =	 {P. Battaglia and J. Hamrick and J. B. Tenenbaum},
  title =	 {Simulation as an engine of physical scene understanding},
  journal =	 {Proceedings of the National Academy of Sciences},
  year =	 2013,
  volume =	 110,
  pages =	 {18327-18332}
}

@Article{Ambridge2013,
  author =	 {B. Ambridge and J. M. Pine and C. F. Rowland and F. Chang and A. Bidgood},
  title =	 {The retreat from overgeneralization in child language acquisition: Word learning, morphology, and verb argument structure},
  journal =	 {Wiley Interdisciplinary Reviews Cognitive Science},
  year =	 2013,
  volume =	 4,
  pages =	 {47-62}
}

@Article{Stuhlmuller2014,
  author =	 {A. Stuhlmuller and N. D. Goodman},
  title =	 {Reasoning about reasoning by nested conditioning: Modeling Theory of Mind with probabilistic programs},
  journal =	 {Journal of Cognitive Systems Research},
  year =	 2014,
  volume =	 8, 
  pages =	 {80-99}
}

@Article{Hill1983a,
  author =	 {J. A. C. Hill},
  title =	 {A computational model of language acquisition in the
                  two-year old},
  journal =	 {Cognition and Brain Theory},
  year =	 1983,
  volume =	 6,
  pages =	 {287--317}
}

@Article{Henrik2015,
  author =	 {M. Hernik and G. Csibra},
  title =	 {Infants learn enduring functions of novel tools from action demonstrations},
  journal =	 {Journal of Experimental Child Psychology},
  year =	 2015,
  volume =	 130,
  pages =	 {176-192}
}


@Article{HOT2015,
  author =	 {J. K. Hartshorne and Timothy J. O'Donnell and Joshua B. Tenenbaum},
  title =	 {The causes and consequences explicit in verbs},
  journal =	 {Language, Cognition, \& Neuroscience},
  year =	 2015,
  volume =	 30,
  pages =	 {716-734}
}

@Article{Clark2004,
  author =	 {E. V. Clark},
  title =	 {How language acquisition builds on cognitive development},
  journal =	 {Trends in Cognitive Sciences},
  year =	 2004,
  volume =	 8,
  pages =	 {472-478}
}

@Article{HOSULS,
  author =	 {J. K. Hartshorne and T. J. O'Donnell and Y. Sudo and M. Uruwashi and M. Lee and J. Snedeker},
  title =	 {Psych verbs, the linking problem, and the acquisition of language},
  journal =	 {Cognition},
  year =	 "in press"
}


@TechReport{OhlssonLangley1985a,
  author =	 {S. Ohlsson and P. Langley},
  title =	 {Identifying solution paths in cognitive diagnosis},
  institution =	 {Carnegie Mellon University, The Robotics Institute},
  year =	 1985,
  address =	 {Pittsburgh, PA},
  number =	 {CMU-RI-TR-85-2}
}

@PhdThesis{Matlock2001,
  author =	 {Teenie Matlock},
  title =	 {How real is fictive motion?},
  school =	 {Psychology Department, University of California,
                  Santa Cruz},
  year =	 2001,
  type =	 {Doctoral dissertation}
}

@PhdThesis{Lewis1978a,
  author =	 {C. Lewis},
  title =	 {Production system models of practice effects},
  school =	 {Department of Psychology, University of Michigan,
                  Ann Arbor},
  year =	 1978,
  type =	 {Doctoral dissertation}
}

@Book{NewellSimon1972a,
  author =	 {A. Newell and H. A. Simon},
  title =	 {Human problem solving},
  publisher =	 {Prentice-Hall},
  year =	 1972,
  address =	 {Englewood Cliffs, NJ}
}

@Book{Pinker1989,
  author =	 {S. Pinker},
  title =	 {Language and cogntion: The acquisition of argument structure},
  publisher =	 {MIT Press},
  year =	 1989,
  address =	 {Cambridge, MA}
}

@Book{Radvansky2014,
  author =	 {G. A. Radvansky and J. M. Zacks},
  title =	 {Event Cognition},
  publisher =	 {Oxford University Press},
  year =	 2014,
  address =	 {New York}
}

@Book{Levin2005,
  author =	 {B. Levin and M. Rappaport Hovav},
  title =	 {Argument Realization},
  publisher =	 {Cambridge University Press},
  year =	 2005,
  address =	 {Cambridge, UK}
}



% -----------------------------------------------------------------------
% Document End
% -----------------------------------------------------------------------
